@inproceedings{certlies,
 author = {Soghoian, Christopher and Stamm, Sid},
 title = {Certified Lies: Detecting and Defeating Government Interception Attacks Against SSL (Short Paper)},
 booktitle = {Proceedings of the 15th International Conference on Financial Cryptography and Data Security},
 series = {FC'11},
 year = {2012},
 isbn = {978-3-642-27575-3},
 location = {Gros Islet, St. Lucia},
 pages = {250--259},
 numpages = {10},
 url = {http://dx.doi.org/10.1007/978-3-642-27576-0_20},
 doi = {10.1007/978-3-642-27576-0_20},
 acmid = {2186404},
 publisher = {Springer-Verlag},
 address = {Berlin, Heidelberg},
} 

@inproceedings{SoK,
 author = {Clark, Jeremy and van Oorschot, Paul C.},
 title = {SoK: SSL and HTTPS: Revisiting Past Challenges and Evaluating Certificate Trust Model Enhancements},
 booktitle = {Proceedings of the 2013 IEEE Symposium on Security and Privacy},
 series = {SP '13},
 year = {2013},
 isbn = {978-0-7695-4977-4},
 pages = {511--525},
 numpages = {15},
 url = {http://dx.doi.org/10.1109/SP.2013.41},
 doi = {10.1109/SP.2013.41},
 acmid = {2498131},
 publisher = {IEEE Computer Society},
 address = {Washington, DC, USA},
 keywords = {SSL, certificates, browser trust model, usability},
} 

@inproceedings{Jhonny,
 author = {Whitten, Alma and Tygar, J. D.},
 title = {Why Johnny Can'T Encrypt: A Usability Evaluation of PGP 5.0},
 booktitle = {Proceedings of the 8th Conference on USENIX Security Symposium - Volume 8},
 series = {SSYM'99},
 year = {1999},
 location = {Washington, D.C.},
 pages = {14--14},
 numpages = {1},
 url = {http://dl.acm.org/citation.cfm?id=1251421.1251435},
 acmid = {1251435},
 publisher = {USENIX Association},
 address = {Berkeley, CA, USA},
}

@inproceedings{paranoia,
 author = {Gaw, Shirley and Felten, Edward W. and Fernandez-Kelly, Patricia},
 title = {Secrecy, Flagging, and Paranoia: Adoption Criteria in Encrypted Email},
 booktitle = {Proceedings of the SIGCHI Conference on Human Factors in Computing Systems},
 series = {CHI '06},
 year = {2006},
 isbn = {1-59593-372-7},
 location = {Montr\&\#233;al, Qu\&\#233;bec, Canada},
 pages = {591--600},
 numpages = {10},
 url = {http://doi.acm.org/10.1145/1124772.1124862},
 doi = {10.1145/1124772.1124862},
 acmid = {1124862},
 publisher = {ACM},
 address = {New York, NY, USA},
 keywords = {activism, encrypted e-mail, extended case method, security},
} 

@online{openssl,
  author = {},
  title = {OpenSSL: Security and SSL/TLS Toolkit},
  url = {http://www.openssl.org},
  urldate = {2014-01-14}
}

@online{pycrypto,
  author = {Dwayne C. Litzenberger},
  title = {PyCrypto:Python Cryptographic Library},
  url = {https://www.dlitz.net/software/pycrypto/},
  update = {2014-01-14}
}

@inproceedings{dynamodb,
  title={Amazon dynamoDB: a seamlessly scalable non-relational database service},
  author={Sivasubramanian, Swaminathan},
  booktitle={Proceedings of the 2012 ACM SIGMOD International Conference on Management of Data},
  pages={729--730},
  year={2012},
  organization={ACM}
}

@inproceedings{sundr,
  title={Secure untrusted data repository (SUNDR)},
  author={Li, Jinyuan and Krohn, Maxwell N and Mazi{\`e}res, David and Shasha, Dennis}
}

@inproceedings{uia,
  title={Persistent personal names for globally connected mobile devices},
  author={Ford, Bryan and Strauss, Jacob and Lesniewski-Laas, Chris and Rhea, Sean and Kaashoek, Frans and Morris, Robert},
  booktitle={Proceedings of the 7th symposium on Operating systems design and implementation},
  pages={233--248},
  year={2006},
  organization={USENIX Association}
}

@book{pgp,
  title={The official PGP user's guide},
  author={Zimmermann, Philip R},
  year={1995},
  publisher={MIT press}
}

@article{gpg,
  title={The GNU privacy guard},
  author={Koch, Werner and others},
  journal={Computer software. Available from http://www. gnupg. org},
  year={2003}
}
